%% This BibTeX bibliography file was created using BibDesk.
%% http://bibdesk.sourceforge.net/


%% Created for Robert Heath New at 2018-10-10 17:34:49 -0500 


%% Saved with string encoding Unicode (UTF-8) 



@article{Fra:Comments-on-Polyphase-codes:73,
	Author = {R. Frank},
	Date-Added = {2018-10-10 22:34:47 +0000},
	Date-Modified = {2018-10-10 22:34:47 +0000},
	Doi = {10.1109/TIT.1973.1054970},
	Issn = {0018-9448},
	Journal = {IEEE Transactions on Information Theory},
	Month = {March},
	Number = {2},
	Pages = {244-244},
	Title = {Comments on "Polyphase codes with good periodic correlation properties" by Chu, David C.},
	Volume = {19},
	Year = {1973},
	Bdsk-Url-1 = {http://dx.doi.org/10.1109/TIT.1973.1054970}}

@article{Chu:Polyphase-codes-with:72,
	Author = {D. Chu},
	Date-Added = {2018-10-10 22:34:03 +0000},
	Date-Modified = {2018-10-10 22:34:03 +0000},
	Doi = {10.1109/TIT.1972.1054840},
	Issn = {0018-9448},
	Journal = {IEEE Transactions on Information Theory},
	Keywords = {PSK signals;Phase coding;Additive noise;Autocorrelation;Communication systems;Error probability;Filtering theory;Gaussian noise;Intersymbol interference;Notice of Violation;Phase shift keying;Welding},
	Month = {Jul},
	Number = {4},
	Pages = {531-532},
	Title = {Polyphase codes with good periodic correlation properties (Corresp.)},
	Volume = {18},
	Year = {1972},
	Bdsk-Url-1 = {http://dx.doi.org/10.1109/TIT.1972.1054840}}

@article{Kay:A-fast-and-accurate-single:89,
	Author = {S. Kay},
	Date-Added = {2018-10-10 22:33:35 +0000},
	Date-Modified = {2018-10-10 22:33:35 +0000},
	Doi = {10.1109/29.45547},
	Issn = {0096-3518},
	Journal = {IEEE Transactions on Acoustics, Speech, and Signal Processing},
	Keywords = {filtering and prediction theory;random noise;Cramer-Rao bound;complex white Gaussian noise;linear prediction estimator;maximum-likelihood estimator;prediction theory;single frequency estimator;Frequency estimation;Gaussian noise;Gaussian processes;High performance computing;Least squares approximation;Maximum likelihood estimation;Phase estimation;Random variables;Signal processing;Signal to noise ratio},
	Month = {Dec},
	Number = {12},
	Pages = {1987-1990},
	Title = {A fast and accurate single frequency estimator},
	Volume = {37},
	Year = {1989},
	Bdsk-Url-1 = {http://dx.doi.org/10.1109/29.45547}}

@inproceedings{Spencer:extended_S-V:97,
	Author = {Q. Spencer and M. Rice and B. Jeffs and M. Jensen},
	Booktitle = {Vehicular Technology Conference, 1997, IEEE 47th},
	Doi = {10.1109/VETEC.1997.605467},
	Issn = {1090-3038},
	Keywords = {adaptive antenna arrays;adaptive signal processing;array signal processing;building;direction-of-arrival estimation;diversity reception;indoor radio;microwave links;microwave propagation;multipath channels;radiofrequency interference;statistical analysis;6.75 to 7.27 GHz;SHF;Saleh-Valenzuela model;adaptive array processing;algorithms;angle of arrival;buildings;channel model;diversity combining;experimental data;indoor environments;indoor multipath propagation;model parameters;multipath interference;multiple antenna systems;phased array processing;spectrum use;statistical model;statistical validation;temporal models;time of arrival;Adaptive arrays;Antennas and propagation;Array signal processing;Directional antennas;Diversity reception;Frequency;Indoor environments;Interference;Phased arrays;Testing},
	Month = {May},
	Pages = {1415-1419 vol.3},
	Title = {A statistical model for angle of arrival in indoor multipath propagation},
	Volume = {3},
	Year = {1997},
	Bdsk-Url-1 = {https://doi.org/10.1109/VETEC.1997.605467}}

@article{HeaGonRan:An-Overview-of-Signal-Processing:16,
	Author = {R. W. Heath and N. Gonz{\'a}lez-Prelcic and S. Rangan and W. Roh and A. M. Sayeed},
	Date-Added = {2016-11-02 03:20:45 +0000},
	Date-Modified = {2016-11-02 03:20:46 +0000},
	Doi = {10.1109/JSTSP.2016.2523924},
	Issn = {1932-4553},
	Journal = {IEEE Journal of Selected Topics in Signal Processing},
	Keywords = {MIMO communication;antenna arrays;array signal processing;channel estimation;compressed sensing;radio transceivers;receiving antennas;transmitting antennas;wireless channels;5G cellular systems;ad hoc networks;antenna arrays;bandwidth communication channels;beamforming;channel estimation;combined radio frequency-mixed signal power constraints;compressed sensing;low complexity transceiver algorithms;millimeter wave MIMO systems;mmWave wireless systems;multiple-input multiple-output communication;personal area networks;receiver antenna;signal processing techniques;transmitter antenna;vehicular area networks;wireless communication;wireless local area networks;Array signal processing;MIMO;Millimeter wave communication;Signal processing algorithms;Wireless communication;Antenna array;MIMO;beam training;beamforming;channel estimation;combining;compressed sensing;hybrid precoding;millimeter wave wireless communication;one-bit receivers;phased array;precoding;sparsity},
	Month = {April},
	Number = {3},
	Pages = {436-453},
	Title = {An Overview of Signal Processing Techniques for Millimeter Wave MIMO Systems},
	Volume = {10},
	Year = {2016},
	Bdsk-Url-1 = {http://dx.doi.org/10.1109/JSTSP.2016.2523924}}

@article{LovHeaLau:An-overview-of-limited-feedback:08,
	Author = {D. J. Love and R. W. Heath and V. K. N. Lau and D. Gesbert and B. D. Rao and M. Andrews},
	Date-Added = {2016-11-02 03:16:24 +0000},
	Date-Modified = {2016-11-02 03:16:25 +0000},
	Doi = {10.1109/JSAC.2008.081002},
	Issn = {0733-8716},
	Journal = {IEEE Journal on Selected Areas in Communications},
	Keywords = {broadband networks;frequency division multiplexing;multifrequency antennas;radio networks;broadband multiuser technology;channel adaptive signaling;channel knowledge;finite-rate feedback systems;frequency division duplexing;limited feedback;multiple antenna;narrowband multiuser technology;next generation wireless systems;single antenna;single-user multiuser technology;wireless communication systems;Broadband antennas;Channel state information;Feedback;Frequency conversion;Knowledge based systems;Measurement;Narrowband;Standardization;Transmitters;Wireless communication;Limited feedback;MIMO systems;Multiuser MIMO systems;Quantized precoding;Wireless communications},
	Month = {October},
	Number = {8},
	Pages = {1341-1365},
	Title = {An overview of limited feedback in wireless communication systems},
	Volume = {26},
	Year = {2008},
	Bdsk-Url-1 = {http://dx.doi.org/10.1109/JSAC.2008.081002}}

@article{ForHea:Benefit-of-pattern-diversity:06,
	Author = {A. Forenza and R. W. Heath},
	Date-Added = {2016-11-02 03:15:09 +0000},
	Date-Modified = {2016-11-02 03:15:12 +0000},
	Doi = {10.1109/TCOMM.2006.873978},
	Issn = {0090-6778},
	Journal = {IEEE Transactions on Communications},
	Keywords = {MIMO systems;diversity reception;eigenvalues and eigenfunctions;linear antenna arrays;matrix algebra;microstrip antenna arrays;wireless channels;circular microstrip antennas;circular patch antennas;eigenvalues;indoor clustered MIMO channels;multiple-input multiple-output;pattern diversity;spatial correlation matrix;two-element array;uniform linear array;Antenna arrays;Computational modeling;Dipole antennas;Eigenvalues and eigenfunctions;MIMO;Microstrip antenna arrays;Microstrip antennas;Patch antennas;Pattern analysis;Transmission line matrix methods;Antenna arrays;Rician channels;diversity methods;microstrip antennas;multiple-input multiple-output (MIMO) systems},
	Month = {May},
	Number = {5},
	Pages = {943-954},
	Title = {Benefit of pattern diversity via two-element array of circular patch antennas in indoor clustered MIMO channels},
	Volume = {54},
	Year = {2006},
	Bdsk-Url-1 = {http://dx.doi.org/10.1109/TCOMM.2006.873978}}

@article{ForHea:Optimization-methodology-for-designing:08,
	Author = {A. Forenza and R. W. Heath},
	Date-Added = {2016-11-02 03:15:09 +0000},
	Date-Modified = {2016-11-02 03:15:12 +0000},
	Doi = {10.1109/TCOMM.2008.060582},
	Issn = {0090-6778},
	Journal = {IEEE Transactions on Communications},
	Keywords = {MIMO communication;antenna arrays;antenna radiation patterns;channel capacity;diversity reception;microstrip antennas;channel spatial correlation;circular patch antenna arrays;clustered MIMO channels;ergodic capacity;frequency 2.4 GHz;multiple-input multiple-output communication systems;pattern diversity;Communication systems;Constraint optimization;Constraint theory;Design methodology;Design optimization;Frequency;MIMO;Microwave antenna arrays;Microwave measurements;Microwave theory and techniques;MIMO systems;antenna arrays;microstrip antennas;pattern diversity;spatially correlated channels},
	Month = {October},
	Number = {10},
	Pages = {1748-1759},
	Title = {Optimization methodology for designing 2-CPAs exploiting pattern diversity in clustered MIMO channels},
	Volume = {56},
	Year = {2008},
	Bdsk-Url-1 = {http://dx.doi.org/10.1109/TCOMM.2008.060582}}

@article{PiaKirFor:Design-and-Evaluation-of-a-Reconfigurable:08,
	Author = {D. Piazza and N. J. Kirsch and A. Forenza and R. W. Heath and K. R. Dandekar},
	Date-Added = {2016-11-02 03:15:09 +0000},
	Date-Modified = {2016-11-02 03:15:12 +0000},
	Doi = {10.1109/TAP.2008.916908},
	Issn = {0018-926X},
	Journal = {IEEE Transactions on Antennas and Propagation},
	Keywords = {MIMO communication;antenna arrays;antenna radiation patterns;MIMO;PIN diode switches;PIN diode-based reconfigurable antenna solution;antenna mismatch;computational electromagnetic simulation;link capacity;multiple input multiple output communication systems;mutual coupling;noise figure 10 dB;noise figure 20 dB;pattern diversity;quarter wavelength;radiation pattern;spaced antenna arrays;Antenna arrays;Antenna radiation patterns;Communication switching;Diodes;Dipole antennas;Indoor environments;MIMO;Mutual coupling;Signal to noise ratio;Switches;Antenna measurements;multiple input multiple output (MIMO) systems;reconfigurable antennas;spatial correlation},
	Month = {March},
	Number = {3},
	Pages = {869-881},
	Title = {Design and Evaluation of a Reconfigurable Antenna Array for MIMO Systems},
	Volume = {56},
	Year = {2008},
	Bdsk-Url-1 = {http://dx.doi.org/10.1109/TAP.2008.916908}}

@article{BhaOesHea:A-New-Double-Directional-Channel-Model:10,
	Author = {R. Bhagavatula and C. Oestges and R. W. Heath},
	Doi = {10.1109/TVT.2010.2045775},
	Issn = {0018-9545},
	Journal = {IEEE Transactions on Vehicular Technology},
	Keywords = {MIMO communication;antenna arrays;antenna radiation patterns;diversity reception;electromagnetic wave scattering;wireless channels;3GPP spatial channel model;IEEE 802.11n channel model;MIMO wireless channel;WINNER model;antenna diversity;antenna patterns;array orientation;channel depolarization;channel measurements;double-directional channel model;electromagnetic wave scattering;multiple-input multiple-output system;site-specific measurement campaigns;standard-based channel models;third-generation partnership program;wireless propagation effects;Analytical models;Antenna arrays;Antenna measurements;Antennas and propagation;Communications technology;MIMO;Pattern analysis;Polarization;Stochastic processes;Wireless communication;Antenna diversity;channel depolarization;mobile orientation;multiple-input?multiple-output (MIMO) channel modeling},
	Month = {Jun},
	Number = {5},
	Pages = {2219-2231},
	Title = {A New Double-Directional Channel Model Including Antenna Patterns, Array Orientation, and Depolarization},
	Volume = {59},
	Year = {2010},
	Bdsk-Url-1 = {http://dx.doi.org/10.1109/TVT.2010.2045775}}

@article{DopRinWij:Device-to-device-communication-as-an-underlay:09,
	Author = {K. Doppler and M. Rinne and C. Wijting and C. B. Ribeiro and K. Hugl},
	Date-Added = {2016-08-19 11:44:16 +0000},
	Date-Modified = {2016-08-19 11:44:16 +0000},
	Doi = {10.1109/MCOM.2009.5350367},
	Issn = {0163-6804},
	Journal = {IEEE Communications Magazine},
	Keywords = {cellular radio;LTE advanced networks;device-to-device communication;local services;primary cellular network;total throughput;underlay;Biological materials;Bluetooth;IP networks;Interference;Internet;Land mobile radio cellular systems;Network servers;Uniform resource locators;Web server;Wireless LAN},
	Month = {Dec},
	Number = {12},
	Pages = {42-49},
	Title = {Device-to-device communication as an underlay to LTE-advanced networks},
	Volume = {47},
	Year = {2009},
	Bdsk-Url-1 = {http://dx.doi.org/10.1109/MCOM.2009.5350367}}

@article{FodDahMil:Design-aspects-of-network:12,
	Author = {G. Fodor and E. Dahlman and G. Mildh and S. Parkvall and N. Reider and G. Mikl{\'o}s and Z. Tur{\'a}nyi},
	Date-Added = {2016-08-19 11:44:16 +0000},
	Date-Modified = {2016-08-19 11:44:16 +0000},
	Doi = {10.1109/MCOM.2012.6163598},
	Issn = {0163-6804},
	Journal = {IEEE Communications Magazine},
	Keywords = {3G mobile communication;Long Term Evolution;cellular radio;mobile handsets;mobility management (mobile radio);radio spectrum management;3GPP Long Term Evolution system;cellular coverage improvement;cellular infrastructure;cellular network device;communicating device proximity;energy efficiency;network assisted D2D communication;network assisted device-to-device communication;peer discovery method;physical layer procedure;radio resource management algorithm;resource utilization;spectrum resource;Channel estimation;Interference;Peer to peer computing;Power control;Resource management;Servers;Time frequency analysis},
	Month = {March},
	Number = {3},
	Pages = {170-177},
	Title = {Design aspects of network assisted device-to-device communications},
	Volume = {50},
	Year = {2012},
	Bdsk-Url-1 = {http://dx.doi.org/10.1109/MCOM.2012.6163598}}

@book{Hea:Digital-Wireless-Communication::12,
	Author = {{Heath Jr.}, R. W.},
	Date-Added = {2016-08-17 14:08:31 +0000},
	Date-Modified = {2016-08-17 14:09:26 +0000},
	Publisher = {National Technology and Science Press},
	Title = {Digital Wireless Communication: Physical Layer Exploration Lab Using the NI USRP},
	Year = {2012}}

@book{SatKamDua:Smart-Grid-Standards::15,
	Author = {T. Sato and D. M. Kammen and B. Duan and M. Macuha and Z. Zhou and J. Wu and M. Tariq and S. A. Asfaw},
	Date-Added = {2016-08-17 13:41:02 +0000},
	Date-Modified = {2016-08-17 13:41:40 +0000},
	Publisher = {Wiley},
	Title = {Smart Grid Standards: Specifications, Requirements, and Technologies},
	Year = {2015}}

@book{Bus:Smart-Grid:-Communication-Enabled:14,
	Author = {Stephen F. Bush},
	Date-Added = {2016-08-17 13:40:13 +0000},
	Date-Modified = {2016-08-17 13:40:33 +0000},
	Publisher = {Wiley - IEEE},
	Title = {Smart Grid: Communication-Enabled Intelligence for the Electric Power Grid},
	Year = {2014}}

@book{VaShiBan:Millimeter-Wave-Vehicular:16,
	Author = {V. Va and T. Shimizu and G. Bansal and Heath Jr., R. W.},
	Date-Added = {2016-08-17 13:14:15 +0000},
	Date-Modified = {2016-08-17 13:15:45 +0000},
	Number = {1},
	Publisher = {Foundations and Trends in Networking},
	Title = {Millimeter Wave Vehicular Communications: A Survey},
	Volume = {10},
	Year = {2016}}

@misc{wirelessHD-spec,
	Author = {{WirelessHD}},
	Date-Added = {2016-08-17 13:12:47 +0000},
	Date-Modified = {2016-08-17 13:12:47 +0000},
	Month = may,
	Title = {{WirelessHD} Specification Version 1.1 Overview},
	Url = {http://www.wirelesshd.org/},
	Year = {2010},
	Bdsk-Url-1 = {http://www.wirelesshd.org/}}

@unpublished{MotChuCho:Vehicular-Ad-Hoc-Network:16,
	Author = {M. Motro and A. Chu and J. Choi and A.R. Pinjari and C.R. Bhat and J. Ghosh and R.W. Heath Jr.},
	Date-Added = {2016-08-17 13:12:34 +0000},
	Date-Modified = {2016-08-17 13:12:34 +0000},
	Note = {Submitted to Transportation Research Part C},
	Title = {Vehicular Ad-Hoc Network (VANET) Simulations of Overtaking Maneuvers on Two-Lane Rural Highways},
	Year = {2016}}

@misc{ChoGonDan:Millimeter-Wave-Vehicular:,
	Author = {Junil Choi and Nuria Gonzalez-Prelcic and Robert Daniels and Chandra R. Bhat and Robert W. {Heath Jr}},
	Date-Added = {2016-08-17 13:08:46 +0000},
	Date-Modified = {2016-08-17 13:08:46 +0000},
	Howpublished = {Available at \url{http://arxiv.org/abs/1602.06456}},
	Title = {Millimeter Wave Vehicular Communication to Support Massive Sensing}}

@article{Ken:Dedicated-Short-Range-Communications:11,
	Author = {Kenney, J. B.},
	Date-Added = {2016-08-17 13:07:16 +0000},
	Date-Modified = {2016-08-17 13:07:18 +0000},
	Doi = {10.1109/JPROC.2011.2132790},
	Issn = {0018-9219},
	Journal = {Proceedings of the IEEE},
	Keywords = {automotive electronics;cooperative communication;mobile radio;open systems;radio access networks;telecommunication security;telecommunication standards;wireless channels;DSRC standard;DSRC technology;IEEE 1609.2 standard;IEEE 1609.3 standard;IEEE 1609.4 standard;IEEE 802.11p amendment;United States;automotive industry;cooperative standard;dedicated short-range communication;interoperability;multichannel operation;network service;safety application;security;vehicle-to-roadside communication;vehicle-to-vehicle communication;wireless access in vehicular environment;wireless vehicular communication;FCC;IEEE 802.11 Standards;Intelligent vehicles;OFDM;Safety;Wireless communication;5.9 GHz;Dedicated short-range communication (DSRC);WAVE;networks;safety;standards;vehicles},
	Month = {July},
	Number = {7},
	Pages = {1162-1182},
	Title = {Dedicated Short-Range Communications ({DSRC}) Standards in the {U}nited {S}tates},
	Volume = {99},
	Year = {2011},
	Bdsk-Url-1 = {http://dx.doi.org/10.1109/JPROC.2011.2132790}}

@article{Mor:Notes-on-DSRC-amp;:10,
	Author = {Y. L. Morgan},
	Date-Added = {2016-08-17 13:06:11 +0000},
	Date-Modified = {2016-08-17 13:07:43 +0000},
	Doi = {10.1109/SURV.2010.033010.00024},
	Issn = {1553-877X},
	Journal = {IEEE Communications Surveys Tutorials},
	Keywords = {IEEE standards;mobile radio;radio access networks;DSRC standard;IEEE 1609;WAVE standard;dedicated short range communications standards;wireless access in vehicular networks;Collision avoidance;Communication standards;History;Injuries;Radiofrequency identification;Road accidents;Samarium;Standards development;Vehicle safety;Wireless communication;802.11p;DSRC;ITS;IntelliDrive;VII;WAVE;vehicular communications},
	Month = {Fourth},
	Number = {4},
	Pages = {504-518},
	Title = {Notes on DSRC \& WAVE Standards Suite: Its Architecture, Design, and Characteristics},
	Volume = {12},
	Year = {2010},
	Bdsk-Url-1 = {http://dx.doi.org/10.1109/SURV.2010.033010.00024}}

@article{BisTatDio:Vehicle-to-vehicle-wireless-communication:06,
	Author = {S. Biswas and R. Tatchikou and F. Dion},
	Date-Added = {2016-08-17 13:03:53 +0000},
	Date-Modified = {2016-08-17 13:03:55 +0000},
	Doi = {10.1109/MCOM.2006.1580935},
	Issn = {0163-6804},
	Journal = {IEEE Communications Magazine},
	Keywords = {access protocols;ad hoc networks;mobile radio;road safety;road vehicles;routing protocols;wireless channels;MAC protocols;cooperative collision avoidance;dedicated short range communication standard;highway traffic safety enhancement;medium access control;mobile ad hoc networks;network data prioritization;routing protocols;vehicle crash experiments;vehicle-to-vehicle wireless communication protocols;vehicular safety application;wireless channel unreliability;Collision avoidance;Communication standards;Context;Media Access Protocol;Road safety;Road transportation;Routing protocols;Vehicle safety;Wireless application protocol;Wireless communication},
	Month = {Jan},
	Number = {1},
	Pages = {74-82},
	Title = {Vehicle-to-vehicle wireless communication protocols for enhancing highway traffic safety},
	Volume = {44},
	Year = {2006},
	Bdsk-Url-1 = {http://dx.doi.org/10.1109/MCOM.2006.1580935}}

@inproceedings{PerCorPar:IEEE-802.11ad:-Defining:10,
	Author = {E. Perahia and C. Cordeiro and M. Park and L. L. Yang},
	Booktitle = {2010 7th IEEE Consumer Communications and Networking Conference},
	Date-Added = {2016-08-17 00:31:03 +0000},
	Date-Modified = {2016-08-17 00:31:05 +0000},
	Doi = {10.1109/CCNC.2010.5421713},
	Issn = {2331-9852},
	Keywords = {access protocols;directive antennas;wireless LAN;IEEE 802.11;MAC modifications;beamforming;directional antennas;fast session transfer;frequency 60 GHz;high speed sync-and-go file transfer;next generation multi-Gbps Wi-Fi;personal basic service set;protocol;spatial reuse;wireless display;Array signal processing;Bandwidth;CMOS technology;Cable TV;HDTV;Physical layer;Proposals;Standards development;Throughput;Voting},
	Month = {Jan},
	Pages = {1-5},
	Title = {IEEE 802.11ad: Defining the Next Generation Multi-Gbps Wi-Fi},
	Year = {2010},
	Bdsk-Url-1 = {http://dx.doi.org/10.1109/CCNC.2010.5421713}}

@article{BejKniPar:IEEE-802.11ac:-from:13,
	Author = {O. Bejarano and E. W. Knightly and M. Park},
	Date-Added = {2016-08-17 00:30:25 +0000},
	Date-Modified = {2016-08-17 00:30:27 +0000},
	Doi = {10.1109/MCOM.2013.6619570},
	Issn = {0163-6804},
	Journal = {IEEE Communications Magazine},
	Keywords = {MIMO communication;wireless LAN;IEEE 802.11ac amendment;channel bonding mechanisms;multi user MIMO system;Array signal processing;IEEE 802.11n Standard;MIMO;Receiving antennas;Throughput},
	Month = {October},
	Number = {10},
	Pages = {84-90},
	Title = {IEEE 802.11ac: from channelization to multi-user MIMO},
	Volume = {51},
	Year = {2013},
	Bdsk-Url-1 = {http://dx.doi.org/10.1109/MCOM.2013.6619570}}

@article{RapSunMay:Millimeter-Wave-Mobile:13,
	Author = {T. S. Rappaport and S. Sun and R. Mayzus and H. Zhao and Y. Azar and K. Wang and G. N. Wong and J. K. Schulz and M. Samimi and F. Gutierrez},
	Date-Added = {2016-08-17 00:27:30 +0000},
	Date-Modified = {2016-08-17 00:27:31 +0000},
	Doi = {10.1109/ACCESS.2013.2260813},
	Issn = {2169-3536},
	Journal = {IEEE Access},
	Keywords = {broadband networks;cellular radio;directive antennas;millimetre wave propagation;mobile radio;5G cellular;broadband cellular communication network;cellular mm-wave propagation;densely populated indoor environment;densely populated outdoor environment;frequency 28 GHz;frequency 38 GHz;global bandwidth shortage;millimeter wave frequency spectrum;millimeter wave mobile communication;steerable directional antenna;wireless carrier;Base stations;Computer architecture;Directional antennas;MIMO;Microprocessors;Millimeter wave technology;Mobile communication;Wireless communication;28 GHz;38 GHz;5G;MIMO;cellular;channel models;directional antennas;millimeter wave propagation measurements;mobile communications},
	Pages = {335-349},
	Title = {Millimeter Wave Mobile Communications for 5G Cellular: It Will Work!},
	Volume = {1},
	Year = {2013},
	Bdsk-Url-1 = {http://dx.doi.org/10.1109/ACCESS.2013.2260813}}

@article{PiKha:An-introduction-to-millimeter-wave-mobile:11,
	Author = {Z. Pi and F. Khan},
	Date-Added = {2016-08-17 00:26:45 +0000},
	Date-Modified = {2016-08-17 00:26:46 +0000},
	Doi = {10.1109/MCOM.2011.5783993},
	Issn = {0163-6804},
	Journal = {IEEE Communications Magazine},
	Keywords = {4G mobile communication;broadband networks;millimetre wave propagation;next generation networks;4G system;MMB base station grid;MMB inter-BS backhaul link;MMB network architecture;MMB system;beamforming technique;millimeter-wave mobile broadband system;next generation mobile communication system;Base stations;Broadband communication;Computer architecture;Millimeter wave communication;Mobile communication},
	Month = {June},
	Number = {6},
	Pages = {101-107},
	Title = {An introduction to millimeter-wave mobile broadband systems},
	Volume = {49},
	Year = {2011},
	Bdsk-Url-1 = {http://dx.doi.org/10.1109/MCOM.2011.5783993}}

@book{RapHeaDan:Millimeter-Wave-Wireless:14,
	Author = {T. S. Rappaport and Heath Jr., R. W. and R. C. Daniels and J. N. Murdock},
	Date-Added = {2016-08-17 00:24:09 +0000},
	Date-Modified = {2016-08-17 00:25:35 +0000},
	Publisher = {Prentice Hall},
	Title = {Millimeter Wave Wireless Communications},
	Year = {2014}}

@article{NamNgSay:Full-dimension-MIMO-FD-MIMO:13,
	Author = {Y. H. Nam and B. L. Ng and K. Sayana and Y. Li and J. Zhang and Y. Kim and J. Lee},
	Date-Added = {2016-08-17 00:23:34 +0000},
	Date-Modified = {2016-08-17 00:23:35 +0000},
	Doi = {10.1109/MCOM.2013.6525612},
	Issn = {0163-6804},
	Journal = {IEEE Communications Magazine},
	Keywords = {MIMO communication;cellular radio;3D spatial channel model;best performance;full-dimension MIMO;horizontal array placement;next generation cellular technology;system-level simulations;Antenna arrays;Cellular networks;MIMO;Next generation networking;Solid modeling;Throughput},
	Month = {June},
	Number = {6},
	Pages = {172-179},
	Title = {Full-dimension MIMO (FD-MIMO) for next generation cellular technology},
	Volume = {51},
	Year = {2013},
	Bdsk-Url-1 = {http://dx.doi.org/10.1109/MCOM.2013.6525612}}

@article{Mar:Noncooperative-Cellular-Wireless:10,
	Author = {T. L. Marzetta},
	Date-Added = {2016-08-17 00:22:27 +0000},
	Date-Modified = {2016-08-17 00:22:29 +0000},
	Doi = {10.1109/TWC.2010.092810.091092},
	Issn = {1536-1276},
	Journal = {IEEE Transactions on Wireless Communications},
	Keywords = {cellular radio;channel estimation;fading channels;intercarrier interference;mobile antennas;time division multiplexing;base station antennas;channel estimation;channel-state information;geometric attenuation;intercellular interference;linear precoder;log-normal shadow fading;noncooperative cellular wireless;reciprocal forward-link channels;reverse-link channels;reverse-link pilots;single-antenna terminals;spectral efficiency;time-division duplex;Antennas;Arrays;Base stations;Fading;MIMO;OFDM;Multiuser MIMO;active antenna arrays;noncooperative cellular wireless;pilot contamination},
	Month = {November},
	Number = {11},
	Pages = {3590-3600},
	Title = {Noncooperative Cellular Wireless with Unlimited Numbers of Base Station Antennas},
	Volume = {9},
	Year = {2010},
	Bdsk-Url-1 = {http://dx.doi.org/10.1109/TWC.2010.092810.091092}}

@article{LarEdfTuf:Massive-MIMO-for-next:14,
	Author = {E. G. Larsson and O. Edfors and F. Tufvesson and T. L. Marzetta},
	Date-Added = {2016-08-17 00:21:39 +0000},
	Date-Modified = {2016-08-17 00:21:40 +0000},
	Doi = {10.1109/MCOM.2014.6736761},
	Issn = {0163-6804},
	Journal = {IEEE Communications Magazine},
	Keywords = {MIMO communication;access protocols;antenna arrays;frequency division multiplexing;ARGOS;MAC layer;frequency-division duplex operation;full-dimension MIMO;hyper MIMO;intentional jamming;large-scale antenna systems;massive MIMO;multiuser MIMO;next generation wireless systems;resource allocation;service antennas;single-antenna terminals;time-division duplex operation;time-frequency bins;very large MIMO;Antenna arrays;Base stations;Downlink;Fading;MIMO;Uplink},
	Month = {February},
	Number = {2},
	Pages = {186-195},
	Title = {Massive MIMO for next generation wireless systems},
	Volume = {52},
	Year = {2014},
	Bdsk-Url-1 = {http://dx.doi.org/10.1109/MCOM.2014.6736761}}

@article{BjoLarMar:Massive-MIMO:-ten-myths:16,
	Author = {E. Bj{\"o}rnson and E. G. Larsson and T. L. Marzetta},
	Date-Added = {2016-08-17 00:21:39 +0000},
	Date-Modified = {2016-08-17 00:21:40 +0000},
	Doi = {10.1109/MCOM.2016.7402270},
	Issn = {0163-6804},
	Journal = {IEEE Communications Magazine},
	Keywords = {MIMO communication;antenna arrays;signal processing;telecommunication traffic;wireless channels;Cooper's law;Internet of Things;antenna arrays;augmented reality;base stations;communication community;data traffic;massive MIMO technology;millimeter-wave bands;signal processing complexity;wireless channels;wireless communications;wireless traffic;Antenna arrays;Channel estimation;Downlink;MIMO;OFDM;Uplink},
	Month = {February},
	Number = {2},
	Pages = {114-123},
	Title = {Massive MIMO: ten myths and one critical question},
	Volume = {54},
	Year = {2016},
	Bdsk-Url-1 = {http://dx.doi.org/10.1109/MCOM.2016.7402270}}

@article{SunRapHea:Mimo-for-millimeter-wave-wireless:14,
	Author = {S. Sun and T. S. Rappaport and R. W. Heath and A. Nix and S. Rangan},
	Date-Added = {2016-08-17 00:20:23 +0000},
	Date-Modified = {2016-08-17 00:20:36 +0000},
	Doi = {10.1109/MCOM.2014.6979962},
	Issn = {0163-6804},
	Journal = {IEEE Communications Magazine},
	Keywords = {MIMO communication;array signal processing;millimetre wave antennas;millimetre wave propagation;mobile antennas;mobile radio;space division multiplexing;wireless channels;MIMO technique;access point;antenna element;base station;beamforming;channel bandwidth;lower-frequency system;millimeter wave frequency;millimeter wave mobile communication;millimeter wave propagation environment;millimeter wave wireless communication;multiple input multiple output technique;spatial multiplexing;user equipment;Antenna measurements;Array signal processing;MIMO;Millimeter wave technology;Radio frequency;Receivers;Wireless communication},
	Month = {December},
	Number = {12},
	Pages = {110-121},
	Title = {{MIMO} for millimeter-wave wireless communications: beamforming, spatial multiplexing, or both?},
	Volume = {52},
	Year = {2014},
	Bdsk-Url-1 = {http://dx.doi.org/10.1109/MCOM.2014.6979962}}

@article{AndBuzCho:What-Will-5G-Be:14,
	Author = {J. G. Andrews and S. Buzzi and W. Choi and S. V. Hanly and A. Lozano and A. C. K. Soong and J. C. Zhang},
	Date-Added = {2016-08-17 00:19:46 +0000},
	Date-Modified = {2016-08-17 00:19:49 +0000},
	Doi = {10.1109/JSAC.2014.2328098},
	Issn = {0733-8716},
	Journal = {IEEE Journal on Selected Areas in Communications},
	Keywords = {4G mobile communication;Long Term Evolution;cellular radio;mobile antennas;wireless LAN;4G mobile communication;5G air interface;5G mobile communication;LTE;Wi-Fi;antennas;cellular technology;core network;cost efficiency;device density;energy efficiency;extreme base station;seamless user experience;spectrum regulation;universal high-rate coverage;Bandwidth;Energy efficiency;IEEE 802.11 Standards;MIMO;Macrocell networks;Millimeter wave technology;Mobile communication;Special issues and sections;Wireless communication;Cellular systems;HetNets;energy efficiency;massive MIMO;millimeter wave;small cells},
	Month = {June},
	Number = {6},
	Pages = {1065-1082},
	Title = {What Will 5G Be?},
	Volume = {32},
	Year = {2014},
	Bdsk-Url-1 = {http://dx.doi.org/10.1109/JSAC.2014.2328098}}

@book{CosKwaCha:Joint-Source-Channel-Coding:16,
	Author = {Pamela Cosman and Andrews Kwasinski and Vinay Chande},
	Date-Added = {2016-08-11 13:44:08 +0000},
	Date-Modified = {2016-08-11 13:44:43 +0000},
	Publisher = {Wiley - IEEE},
	Title = {Joint Source-Channel Coding},
	Year = {2016}}

@book{Hertz:ElectricWaves:1893,
	Address = {London},
	Author = {Heinrich Hertz},
	Publisher = {Macmillan and Company},
	Title = {Electric waves: being researches on the propagation of electric action with finite velocity through space},
	Year = {1893}}

@book{Brooks:Telephone:1976,
	Address = {London},
	Author = {John Brooks},
	Publisher = {Harpercollins},
	Title = {Telephone: The first hundred years},
	Year = {1976}}

@article{BocHea2014,
	Author = {F. Boccardi and R. W. Heath and A. Lozano and T. L. Marzetta and P. Popovski},
	Doi = {10.1109/MCOM.2014.6736746},
	Issn = {0163-6804},
	Journal = {IEEE Communications Magazine},
	Keywords = {MIMO communication;cellular radio;fifth generation systems;MIMO;architectural design;component disruptive design;device-centric architectures;fifth generation cellular networks;machine-to-machine communications;Antenna arrays;Base stations;Downlink;MIMO;Microwave communication;Next generation networking;Uplink},
	Month = {February},
	Number = {2},
	Pages = {74-80},
	Title = {Five disruptive technology directions for {5G}},
	Volume = {52},
	Year = {2014},
	Bdsk-Url-1 = {http://dx.doi.org/10.1109/MCOM.2014.6736746}}

@article{Emrick2014,
	Author = {R. Emrick and P. Cruz and N. B. Carvalho and S. Gao and R. Quay and P. Waltereit},
	Doi = {10.1109/MMM.2013.2296212},
	Issn = {1527-3342},
	Journal = {IEEE Microwave Magazine},
	Keywords = {satellite communication;broadband data links;broadband services;communication systems technology;disaster recovery;emergency preparedness;market trends;media content;on board storage capacity;remote sensing satellites;satellite communications;satellite radio;satellite television;Bandwidth;Broadband;Data processing;Market opportunities;Satellite broadcasting;Space vehicles;Supply and demand},
	Month = {March},
	Number = {2},
	Pages = {65-78},
	Title = {The Sky's the Limit: Key Technology and Market Trends in Satellite Communications},
	Volume = {15},
	Year = {2014},
	Bdsk-Url-1 = {http://dx.doi.org/10.1109/MMM.2013.2296212}}

@inproceedings{DiPierro2010,
	Abstract = {Sirius XM Radio, through its Sirius and XM Satellite Radio systems, broadcasts continuous high quality audio, video and data content to over nineteen million subscribers throughout the Continental United States (CONUS) and Canada. The original Sirius system utilizes three satellites in highly inclined orbits. The original XM system utilizes two satellites in geostationary orbits. Both systems achieve a coverage pattern with high visibility to two satellites at all times. Robust diversity and signal coding techniques further ensure reliable reception of over one hundred audio channels, three video channels, and a range of data services. Recently Sirius XM added a new satellite to the Sirius fleet that operates in a geostationary orbit, and soon will be launching two new satellites to join the XM and Sirius fleets, both operating in geostationary orbits. This paper provides an overview of the Sirius and XM broadcast system designs and applications, and describes the coverage benefits achieved through the employment of geosynchronous and geostationary space segments in the North American continent. In addition to presenting the operational satellite radio conditions in the US, we will provide a discussion on offering similar services in the rest of the world with respect to possible satellite and repeater network structures with particular attention in Europe. We will discuss the latitude and longitude aspects for various regions of the world, and discuss the expected QoS levels using conventional SDARS satellite and repeater architectures.},
	Author = {S. DiPierro and R. Akturan and R. Michalski},
	Booktitle = {2010 5th Advanced Satellite Multimedia Systems Conference and the 11th Signal Processing for Space Communications Workshop},
	Doi = {10.1109/ASMS-SPSC.2010.5586866},
	Issn = {2329-7093},
	Keywords = {quality of service;satellite links;telecommunication channels;CONUS;Canada;Continental United States;Europe;North American continent;QoS;SDARS satellite;Sirius XM Radio;Sirius XM satellite radio system;XM broadcast system designs;audio channels;geostationary orbitsr;geostationary space segments;geosynchronous space segments;high quality audio;high quality data content;high quality video;obust diversity;quality of service;repeater architectures;signal coding techniques;video channels;Availability;Europe;Feeds;Receivers;Repeaters;Satellite broadcasting;Satellites},
	Month = {Sept},
	Pages = {506-511},
	Title = {Sirius XM Satellite Radio system overview and services},
	Year = {2010},
	Bdsk-Url-1 = {http://dx.doi.org/10.1109/ASMS-SPSC.2010.5586866}}

@article{Hara97,
	Abstract = {The authors present an overview of new multiple access schemes based on a combination of code division and multicarrier techniques, such as multicarrier code-division multiple access (MC-CDMA), multicarrier direct sequence CDMA (multicarrier DS-CDMA), and multitone CDMA (MT-CDMA)},
	Author = {S. Hara and R. Prasad},
	Doi = {10.1109/35.642841},
	Issn = {0163-6804},
	Journal = {IEEE Communications Magazine},
	Keywords = {Rayleigh channels;access protocols;code division multiple access;coding errors;error statistics;fading;modulation;pseudonoise codes;radio links;spread spectrum communication;BER performance;MC-CDMA;MT-CDMA;code division multiple access;downlink bit error rate;frequency selective fading;multicarrier CDMA;multicarrier DS-CDMA;multicarrier code-division multiple access;multicarrier direct sequence CDMA;multicarrier modulation;multicarrier techniques;multitone CDMA;slow Rayleigh fading channel;spectral efficiency;Fading;Fast Fourier transforms;Frequency division multiplexing;Modulation coding;Multiaccess communication;OFDM modulation;Radio communication;Radio transmitters;Spread spectrum communication;Time division multiple access},
	Month = {Dec},
	Number = {12},
	Pages = {126-133},
	Title = {Overview of multicarrier CDMA},
	Volume = {35},
	Year = {1997},
	Bdsk-Url-1 = {http://dx.doi.org/10.1109/35.642841}}

@book{Nebeker98,
	Author = {Nebeker, Frederik},
	Publisher = {IEEE History Center},
	Title = {Signal Processing: The Emergence of a Discipline, 1948-1998},
	Year = {1998}}

@article{Shannon1948,
	Author = {C. E. Shannon},
	Doi = {10.1002/j.1538-7305.1948.tb01338.x},
	Issn = {0005-8580},
	Journal = {The Bell System Technical Journal},
	Month = {July},
	Number = {3},
	Pages = {379-423},
	Title = {A mathematical theory of communication},
	Volume = {27},
	Year = {1948},
	Bdsk-Url-1 = {http://dx.doi.org/10.1002/j.1538-7305.1948.tb01338.x}}

@misc{Briceno,
	Author = {Briceno, M., and Goldberg, I., and Wagnr, D.},
	Title = {{A pedagogical implementation of A5/1}},
	Url = {http://scard.org},
	Bdsk-Url-1 = {http://scard.org}}

@misc{E0,
	Author = {{Bluetooth Special Interest Group}},
	Title = {{Specification of the Bluetooth System}},
	Url = {http://grouper.ieee.org/groups/802/15/Bluetooth/},
	Bdsk-Url-1 = {http://grouper.ieee.org/groups/802/15/Bluetooth/}}

@techreport{Kasumi,
	Author = {{ETSI Security Algorithms Group of Experts (SAGE) Task Force }},
	File = {www.3gpp.org/ftp/tsg_sa/WG3_Security/_Specs/33908-300.pdf},
	Institution = {3GPP},
	Title = {General Report on the Design, Speification and Evaluation of 3GPP Standard Confidentiality and Integrity Algorithms (3G TR 33.908 version 3.0.0 Release 1999)},
	Year = {1999}}

@book{fire1959class,
	Author = {Fire, P.},
	Publisher = {Department of Electrical Engineering, Stanford University.},
	Series = {SEL: Stanford Electronics Laboratories},
	Title = {A Class of Multiple-error-correcting Binary Codes for Non-independent Errors},
	Year = {1959}}

@book{eberspacher2008gsm,
	Author = {Ebersp{\"a}cher, J. and V{\"o}gel, H.J. and Bettstetter, C. and Hartmann, C.},
	Isbn = {9780470741726},
	Publisher = {Wiley},
	Series = {Wiley InterScience online books},
	Title = {GSM - Architecture, Protocols and Services},
	Year = {2008}}

@book{Nuaymi:2007:Wimax,
	Author = {Nuaymi, Loutfi},
	Isbn = {0470028084, 9780470028087},
	Publisher = {Wiley Publishing},
	Title = {WiMAX: Technology for Broadband Wireless Access},
	Year = {2007}}

@article{80211ad,
	Doi = {10.1109/IEEESTD.2014.6774849},
	Journal = {{ISO/IEC/IEEE 8802-11:2012/Amd.3:2014(E)}},
	Keywords = {IEC standards;IEEE standards;ISO standards;Information exchange;Information technology;Local area networks;Media Access Protocol;Metropolitan area networks;Physical layer;Quality of service;Service level management;Telecommunication services;Wireless LAN;60 GHz;A-BFT;ATI;BTI;CBAP;DMG;FST;GCMP;IEEE 802.11ad;PBSS;PBSS control point;PCP;SP;announcement transmission interval;association beamformingtraining time;beacon transmission interval;beamforming;clustering;contentionbasedaccess period;directional multi-gigabit;dynamic allocation of service period;dynamic truncation of service period;dynamicextension of service period;fast session transfer;millimeter-wave;multi-band operation;personal basic service set;relay operation;service period;spatial sharing},
	Month = {March},
	Pages = {1-634},
	Title = {{ISO/IEC/IEEE} {I}nternational {S}tandard for {I}nformation technology--{T}elecommunications and information exchange between systems--{L}ocal and metropolitan area networks--{S}pecific requirements-Part 11: {W}ireless {LAN} {M}edium {A}ccess {C}ontrol ({MAC}) and {P}hysical {L}ayer ({PHY}) {S}pecifications {A}mendment 3: {E}nhancements for {V}ery {H}igh {T}hroughput in the 60 {GH}z {B}and (adoption of {IEEE} {S}td 802.11ad-2012)},
	Year = {2014},
	Bdsk-Url-1 = {http://dx.doi.org/10.1109/IEEESTD.2014.6774849}}

@article{Arikan09,
	Author = {E. Arikan},
	Doi = {10.1109/TIT.2009.2021379},
	Issn = {0018-9448},
	Journal = {IEEE Transactions on Information Theory},
	Keywords = {binary codes;channel capacity;channel coding;decoding;memoryless systems;probability;channel capacity;channel coding;channel polarization;code sequence;polar codes;probability;successive cancellation decoding algorithm;symmetric binary-input memoryless channel;Capacity planning;Channel capacity;Channel coding;Codes;Councils;Decoding;Information theory;Memoryless systems;Noise cancellation;Polarization;Capacity-achieving codes;Plotkin construction;Reed? Muller (RM) codes;channel capacity;channel polarization;polar codes;successive cancellation decoding},
	Month = {July},
	Number = {7},
	Pages = {3051-3073},
	Title = {{Channel Polarization: A Method for Constructing Capacity-Achieving Codes for Symmetric Binary-Input Memoryless Channels}},
	Volume = {55},
	Year = {2009},
	Bdsk-Url-1 = {http://dx.doi.org/10.1109/TIT.2009.2021379}}

@article{Perahia2011,
	Acmid = {2073294},
	Address = {New York, NY, USA},
	Author = {Perahia, Eldad and Gong, Michelle X.},
	Issn = {1559-1662},
	Issue_Date = {July 2011},
	Journal = {SIGMOBILE Mob. Comput. Commun. Rev.},
	Month = nov,
	Number = {3},
	Numpages = {11},
	Pages = {23--33},
	Publisher = {ACM},
	Title = {Gigabit Wireless LANs: An Overview of IEEE 802.11Ac and 802.11Ad},
	Volume = {15},
	Year = {2011}}

@book{blahut2003algebraic,
	Author = {Blahut, R.E.},
	Isbn = {9781139435079},
	Publisher = {Cambridge University Press},
	Title = {Algebraic Codes for Data Transmission},
	Year = {2003}}

@book{Shu2004,
	Author = {Lin, Shu, and Costello, Daniel J.},
	Ediion = 3,
	Isbn = {9788131734407},
	Publisher = {Pearson},
	Title = {Error Control Coding},
	Year = 2004}

@book{Wicker1995,
	Author = {Wicker, S.B.},
	Isbn = {9780132008099},
	Lccn = {94011649},
	Publisher = {Prentice Hall},
	Title = {Error Control Systems for Digital Communication and Storage},
	Url = {https://books.google.com/books?id=7\_hSAAAAMAAJ},
	Year = {1995},
	Bdsk-Url-1 = {https://books.google.com/books?id=7%5C_hSAAAAMAAJ}}

@misc{XilinxChannelEncoderLTE,
	Author = {{Xilinx}},
	Title = {{3GPP LTE DL Channel Encoder}},
	Url = {http://www.xilinx.com/products/intellectual-property/do-di-chenc-lte.html},
	Bdsk-Url-1 = {http://www.xilinx.com/products/intellectual-property/do-di-chenc-lte.html}}

@misc{LDPCcore,
	Author = {{TurboConcept}},
	Title = {{ WiMAX IEEE802.16e LDPC decoder}},
	Url = {http://www.turboconcept.com},
	Bdsk-Url-1 = {http://www.turboconcept.com}}

@article{Furuskar:EDGE:1999,
	Author = {A. Furuskar and S. Mazur and F. Muller and H. Olofsson},
	Doi = {10.1109/98.772978},
	Issn = {1070-9916},
	Journal = {IEEE Personal Communications},
	Keywords = {cellular radio;standardisation;telecommunication standards;time division multiple access;EDGE;ETSI SMG;GSM;TDMA/136;TIA TR45.3;UMTS/IMT-2000;common physical layer;data services;enhanced data rates;frequency plans;global radio access;performance;second-generation standards;spectral efficiency;standardization;system simulations;third-generation services;user bit rates;Bit rate;Circuits;Frequency;GSM;Internet;Mobile communication;Physical layer;Standardization;Telecommunication standards;Time division multiple access},
	Month = {Jun},
	Number = {3},
	Pages = {56-66},
	Title = {{EDGE: enhanced data rates for GSM and TDMA/136 evolution}},
	Volume = {6},
	Year = {1999},
	Bdsk-Url-1 = {http://dx.doi.org/10.1109/98.772978}}

@article{Feher:1987,
	Author = {K. Feher},
	Doi = {10.1109/JSAC.1987.1146554},
	Issn = {0733-8716},
	Journal = {IEEE Journal on Selected Areas in Communications},
	Keywords = {Digital modulation/demodulation;Integrated voice/data communication;Quadrature amplitude modulation;Amplitude modulation;Bandwidth;Forward error correction;Frequency division multiplexing;Modems;Quadrature amplitude modulation;Radio frequency;Redundancy;Telephony;Video sharing},
	Month = {Apr},
	Number = {3},
	Pages = {357-368},
	Title = {{1024-QAM and 256-QAM Coded Modems for Microwave and Cable System Applications}},
	Volume = {5},
	Year = {1987},
	Bdsk-Url-1 = {http://dx.doi.org/10.1109/JSAC.1987.1146554}}

@book{VanTrees:detection:Part1:2004,
	Author = {Van Trees, H.L.},
	Isbn = {9780471463825},
	Publisher = {Wiley},
	Title = {Detection, Estimation, and Modulation Theory},
	Year = {2004}}

@book{VanTrees:detection:Part2:2003,
	Author = {Van Trees, H.L.},
	Isbn = {9780471446781},
	Lccn = {67023331},
	Publisher = {Wiley},
	Title = {Detection, estimation, and modulation theory: Nonlinear modulation theory},
	Year = {2003}}

@book{VanTrees:detection:Part4:2004,
	Author = {Van Trees, H.L.},
	Isbn = {9780471463832},
	Publisher = {Wiley},
	Title = {{Detection, Estimation, and Modulation Theory: Optimum Array Processing}},
	Year = {2004}}

@book{Kay:Detection:1998,
	Author = {Kay, S.M.},
	Isbn = {9780135041352},
	Lccn = {92029495},
	Publisher = {Prentice-Hall PTR},
	Title = {{Fundamentals of Statistical Signal Processing: Detection theory}},
	Year = {1998}}

@book{BarryLeeMes:digitalcomm:2004,
	Author = {Barry, J.R. and Lee, E.A. and Messerschmitt, D.G.},
	Isbn = {9780792375487},
	Lccn = {2003054667},
	Number = {v. 1},
	Publisher = {Springer US},
	Title = {{Digital Communication}},
	Year = {2004}}

@article{Ungerboeck:1987,
	Author = {G. Ungerboeck},
	Doi = {10.1109/MCOM.1987.1093542},
	Issn = {0163-6804},
	Journal = {IEEE Communications Magazine},
	Keywords = {Digital modulation/demodulation;Trellis coding;Amplitude modulation;Decoding;Demodulation;Error analysis;Error correction;Modems;Modulation coding;Phase modulation;Quadrature phase shift keying;Signal to noise ratio},
	Month = {February},
	Number = {2},
	Pages = {5-11},
	Title = {Trellis-coded modulation with redundant signal sets Part I: Introduction},
	Volume = {25},
	Year = {1987},
	Bdsk-Url-1 = {http://dx.doi.org/10.1109/MCOM.1987.1093542}}

@article{Ungerboeck:SP:1982,
	Author = {G. Ungerboeck},
	Doi = {10.1109/TIT.1982.1056454},
	Issn = {0018-9448},
	Journal = {IEEE Transactions on Information Theory},
	Keywords = {APK communication;ASK communication;PSK communication;Viterbi decoding;Bandwidth;Channel capacity;Channel coding;Convolutional codes;Decoding;Euclidean distance;Phase modulation;Phase shift keying;Signal mapping;Viterbi algorithm},
	Month = {Jan},
	Number = {1},
	Pages = {55-67},
	Title = {Channel coding with multilevel/phase signals},
	Volume = {28},
	Year = {1982},
	Bdsk-Url-1 = {http://dx.doi.org/10.1109/TIT.1982.1056454}}

@misc{ETSI:GSM:1996,
	Author = {ETSI},
	Howpublished = {ETSI GSM 05.01},
	Title = {{GSM Technical Specification. Digital cellular telecommunications system (Phase 2+); Physical layer on the radio path; General description}},
	Year = 1996}

@article{Tretter:1985,
	Author = {S. Tretter},
	Doi = {10.1109/TIT.1985.1057115},
	Issn = {0018-9448},
	Journal = {IEEE Transactions on Information Theory},
	Keywords = {Frequency estimation;Phase estimation;Additive noise;Frequency estimation;Linear regression;Maximum likelihood detection;Maximum likelihood estimation;Parameter estimation;Phase estimation;Phase noise;Predictive models;Signal to noise ratio},
	Month = {Nov},
	Number = {6},
	Pages = {832-835},
	Title = {Estimating the frequency of a noisy sinusoid by linear regression (Corresp.)},
	Volume = {31},
	Year = {1985},
	Bdsk-Url-1 = {http://dx.doi.org/10.1109/TIT.1985.1057115}}

@techreport{Austin:1967,
	Address = {Lexington, MA},
	Author = {{Austin, M. E.}},
	Institution = {MIT Lincoln Lab},
	Month = {aug},
	Number = {437},
	Title = {Decision-feedback equalization for digital communication over dispersive channel},
	Year = {1967}}

@article{Belfiore:1979,
	Author = {C. A. Belfiore and J. H. Park},
	Doi = {10.1109/PROC.1979.11409},
	Issn = {0018-9219},
	Journal = {Proceedings of the IEEE},
	Keywords = {Coaxial cables;Communication channels;Decision feedback equalizers;Feeds;Interference cancellation;Interference constraints;Intersymbol interference;Limiting;Noise cancellation;Transmitters},
	Month = {Aug},
	Number = {8},
	Pages = {1143-1156},
	Title = {Decision feedback equalization},
	Volume = {67},
	Year = {1979},
	Bdsk-Url-1 = {http://dx.doi.org/10.1109/PROC.1979.11409}}
